@inproceedings{Cordts2016Cityscapes,
title={The Cityscapes Dataset for Semantic Urban Scene Understanding},
author={Cordts, Marius and Omran, Mohamed and Ramos, Sebastian and Rehfeld, 
Timo and Enzweiler, Markus and Benenson, Rodrigo and Franke, Uwe and Roth, 
Stefan and Schiele, Bernt},
booktitle={Proc. of the IEEE Conference on Computer Vision and Pattern 
Recognition (CVPR)},
year={2016}
}
@article{R2UNet,
	author    = {Md. Zahangir Alom and
	Mahmudul Hasan and
	Chris Yakopcic and
	Tarek M. Taha and
	Vijayan K. Asari},
	title     = {Recurrent Residual Convolutional Neural Network based on U-Net 
	(R2U-Net)
	for Medical Image Segmentation},
	journal   = {CoRR},
	volume    = {abs/1802.06955},
	year      = {2018},
	url       = {http://arxiv.org/abs/1802.06955},
	archivePrefix = {arXiv},
	eprint    = {1802.06955},
	timestamp = {Wed, 09 Sep 2020 16:57:56 +0200},
	biburl    = {https://dblp.org/rec/journals/corr/abs-1802-06955.bib},
	bibsource = {dblp computer science bibliography, https://dblp.org}
}
@article{UNet,
	author    = {Olaf Ronneberger and
	Philipp Fischer and
	Thomas Brox},
	title     = {U-Net: Convolutional Networks for Biomedical Image 
	Segmentation},
	journal   = {CoRR},
	volume    = {abs/1505.04597},
	year      = {2015},
	url       = {http://arxiv.org/abs/1505.04597},
	archivePrefix = {arXiv},
	eprint    = {1505.04597},
	timestamp = {Mon, 13 Aug 2018 16:46:52 +0200},
	biburl    = {https://dblp.org/rec/journals/corr/RonnebergerFB15.bib},
	bibsource = {dblp computer science bibliography, https://dblp.org}
}
@INPROCEEDINGS{RCNN,
	
	author={ {Ming Liang} and  {Xiaolin Hu}},
	
	booktitle={2015 IEEE Conference on Computer Vision and Pattern Recognition 
	(CVPR)}, 
	
	title={Recurrent convolutional neural network for object recognition}, 
	
	year={2015},
	
	volume={},
	
	number={},
	
	pages={3367-3375},
	
	doi={10.1109/CVPR.2015.7298958}}
@article{DeepResidual,
	author    = {Kaiming He and
	Xiangyu Zhang and
	Shaoqing Ren and
	Jian Sun},
	title     = {Deep Residual Learning for Image Recognition},
	journal   = {CoRR},
	volume    = {abs/1512.03385},
	year      = {2015},
	url       = {http://arxiv.org/abs/1512.03385},
	archivePrefix = {arXiv},
	eprint    = {1512.03385},
	timestamp = {Wed, 17 Apr 2019 17:23:45 +0200},
	biburl    = {https://dblp.org/rec/journals/corr/HeZRS15.bib},
	bibsource = {dblp computer science bibliography, https://dblp.org}
}
@INPROCEEDINGS{BCDUNet,
	
	author={R. {Azad} and M. {Asadi-Aghbolaghi} and M. {Fathy} and S. 
	{Escalera}},
	
	booktitle={2019 IEEE/CVF International Conference on Computer Vision 
	Workshop (ICCVW)}, 
	
	title={Bi-Directional ConvLSTM U-Net with Densley Connected Convolutions}, 
	
	year={2019},
	
	volume={},
	
	number={},
	
	pages={406-415},
	
	doi={10.1109/ICCVW.2019.00052}}
@InProceedings{BiConvLSTM,
	author = {Song, Hongmei and Wang, Wenguan and Zhao, Sanyuan and Shen, 
	Jianbing and Lam, Kin-Man},
	title = {Pyramid Dilated Deeper ConvLSTM for Video Salient Object 
	Detection},
	booktitle = {Proceedings of the European Conference on Computer Vision 
	(ECCV)},
	month = {September},
	year = {2018}
}
@article{LSTM,
	author = {Hochreiter, Sepp and Schmidhuber, JÃ¼rgen},
	year = {1997},
	month = {12},
	pages = {1735-80},
	title = {Long Short-term Memory},
	volume = {9},
	journal = {Neural computation},
	doi = {10.1162/neco.1997.9.8.1735}
}
@online{DiceJaccard,
	author = {Angelo Monteux},
	title = {Metrics for semantic segmentation},
	date = {2019-05-10},
	url = {https://ilmonteux.github.io/2019/05/10/segmentation-metrics.html},
	urldate = {2021-03-06},
}
@online{SegMetrics,
	author = {Ekin Tiu},
	title = {Metrics to Evaluate your Semantic Segmentation Model},
	date = {2019-08-10},
	url = 
	{https://towardsdatascience.com/metrics-to-evaluate-your-semantic-segmentation-model-6bcb99639aa2},
	urldate = {2021-03-06},
}
@article{FullyConv,
	author    = {Jonathan Long and
	Evan Shelhamer and
	Trevor Darrell},
	title     = {Fully Convolutional Networks for Semantic Segmentation},
	journal   = {CoRR},
	volume    = {abs/1411.4038},
	year      = {2014},
	url       = {http://arxiv.org/abs/1411.4038},
	archivePrefix = {arXiv},
	eprint    = {1411.4038},
	timestamp = {Mon, 13 Aug 2018 16:48:17 +0200},
	biburl    = {https://dblp.org/rec/journals/corr/LongSD14.bib},
	bibsource = {dblp computer science bibliography, https://dblp.org}
}
@misc{tao2020hierarchical,
	title={Hierarchical Multi-Scale Attention for Semantic Segmentation}, 
	author={Andrew Tao and Karan Sapra and Bryan Catanzaro},
	year={2020},
	eprint={2005.10821},
	archivePrefix={arXiv},
	primaryClass={cs.CV}
}
@Article{PascalVOC,
	author = "Everingham, M. and Van~Gool, L. and Williams, C. K. I. and Winn, 
	J. and Zisserman, A.",
	title = "The Pascal Visual Object Classes (VOC) Challenge",
	journal = "International Journal of Computer Vision",
	volume = "88",
	year = "2010",
	number = "2",
	month = jun,
	pages = "303--338",
} 
@misc{batchNormHelps,
	title={How Does Batch Normalization Help Optimization?}, 
	author={Shibani Santurkar and Dimitris Tsipras and Andrew Ilyas and 
	Aleksander Madry},
	year={2019},
	eprint={1805.11604},
	archivePrefix={arXiv},
	primaryClass={stat.ML}
}
@misc{adam,
	title={Adam: A Method for Stochastic Optimization}, 
	author={Diederik P. Kingma and Jimmy Ba},
	year={2017},
	eprint={1412.6980},
	archivePrefix={arXiv},
	primaryClass={cs.LG}
}